<?xml version="1.0" encoding="UTF-8"?>
  <record xmlns="http://www.loc.gov/MARC21/slim" type="Authority">
    <leader>00000nz  a2200000nc 4500</leader>
    <controlfield tag="001">118649469</controlfield>
    <controlfield tag="003">DE-101</controlfield>
    <controlfield tag="005">20211022200513.0</controlfield>
    <controlfield tag="008">880701n||azznnaabn           | aaa    |c</controlfield>
    <datafield tag="024" ind1="7" ind2=" ">
      <subfield code="a">118649469</subfield>
      <subfield code="0">http://d-nb.info/gnd/118649469</subfield>
      <subfield code="2">gnd</subfield>
    </datafield>
    <datafield tag="035" ind1=" " ind2=" ">
      <subfield code="a">(DE-101)118649469</subfield>
    </datafield>
    <datafield tag="035" ind1=" " ind2=" ">
      <subfield code="a">(DE-588)118649469</subfield>
    </datafield>
    <datafield tag="035" ind1=" " ind2=" ">
      <subfield code="z">(DE-588a)118649469</subfield>
      <subfield code="9">v:zg</subfield>
    </datafield>
    <datafield tag="035" ind1=" " ind2=" ">
      <subfield code="z">(DE-588c)4085804-2</subfield>
      <subfield code="9">v:zg</subfield>
    </datafield>
    <datafield tag="040" ind1=" " ind2=" ">
      <subfield code="a">DE-101</subfield>
      <subfield code="c">DE-101</subfield>
      <subfield code="9">r:DE-101</subfield>
      <subfield code="b">ger</subfield>
      <subfield code="d">9999</subfield>
    </datafield>
    <datafield tag="042" ind1=" " ind2=" ">
      <subfield code="a">gnd1</subfield>
    </datafield>
    <datafield tag="043" ind1=" " ind2=" ">
      <subfield code="c">XA-FR</subfield>
      <subfield code="c">XA-AT</subfield>
    </datafield>
    <datafield tag="065" ind1=" " ind2=" ">
      <subfield code="a">16.5p</subfield>
      <subfield code="2">sswd</subfield>
    </datafield>
    <datafield tag="075" ind1=" " ind2=" ">
      <subfield code="b">p</subfield>
      <subfield code="2">gndgen</subfield>
    </datafield>
    <datafield tag="075" ind1=" " ind2=" ">
      <subfield code="b">pik</subfield>
      <subfield code="2">gndspec</subfield>
    </datafield>
    <datafield tag="079" ind1=" " ind2=" ">
      <subfield code="a">g</subfield>
      <subfield code="q">s</subfield>
      <subfield code="q">f</subfield>
      <subfield code="q">h</subfield>
      <subfield code="u">w</subfield>
      <subfield code="u">v</subfield>
    </datafield>
    <datafield tag="100" ind1="0" ind2=" ">
      <subfield code="a">Anna</subfield>
      <subfield code="c">Frankreich, Königin, 1601-1666</subfield>
      <subfield code="d">1601-1666</subfield>
    </datafield>
    <datafield tag="400" ind1="0" ind2=" ">
      <subfield code="a">Anna</subfield>
      <subfield code="c">von Österreich, 1601-1666</subfield>
      <subfield code="d">1601-1666</subfield>
    </datafield>
    <datafield tag="400" ind1="0" ind2=" ">
      <subfield code="a">Anna</subfield>
      <subfield code="c">Espãna, Princesa</subfield>
      <subfield code="d">1601-1666</subfield>
    </datafield>
    <datafield tag="400" ind1="0" ind2=" ">
      <subfield code="a">Anna</subfield>
      <subfield code="c">Frankreich, Königin</subfield>
      <subfield code="d">1601-1666</subfield>
    </datafield>
    <datafield tag="400" ind1="0" ind2=" ">
      <subfield code="a">Anne</subfield>
      <subfield code="c">Espagne, Princesse</subfield>
      <subfield code="d">1601-1666</subfield>
    </datafield>
    <datafield tag="400" ind1="0" ind2=" ">
      <subfield code="a">Anne</subfield>
      <subfield code="c">Frankreich, Königin</subfield>
      <subfield code="d">1601-1666</subfield>
    </datafield>
    <datafield tag="400" ind1="0" ind2=" ">
      <subfield code="a">Anne</subfield>
      <subfield code="c">France, Reine, 1601-1666</subfield>
      <subfield code="d">1601-1666</subfield>
    </datafield>
    <datafield tag="400" ind1="0" ind2=" ">
      <subfield code="a">Anne</subfield>
      <subfield code="c">d'Autriche</subfield>
      <subfield code="d">1601-1666</subfield>
    </datafield>
    <datafield tag="400" ind1="0" ind2=" ">
      <subfield code="a">Anna Maria</subfield>
      <subfield code="c">von Spanien</subfield>
      <subfield code="d">1601-1666</subfield>
    </datafield>
    <datafield tag="400" ind1="0" ind2=" ">
      <subfield code="a">Anna</subfield>
      <subfield code="c">d'Austria</subfield>
      <subfield code="d">1601-1666</subfield>
    </datafield>
    <datafield tag="400" ind1="0" ind2=" ">
      <subfield code="a">Anna</subfield>
      <subfield code="c">von Österreich</subfield>
      <subfield code="d">1601-1666</subfield>
    </datafield>
    <datafield tag="400" ind1="0" ind2=" ">
      <subfield code="a">Anna</subfield>
      <subfield code="c">Königin von Frankreich</subfield>
      <subfield code="d">1601-1666</subfield>
    </datafield>
    <datafield tag="400" ind1="0" ind2=" ">
      <subfield code="9">L:fre</subfield>
      <subfield code="a">Anna</subfield>
      <subfield code="c">Reine de France</subfield>
      <subfield code="d">1601-1666</subfield>
      <subfield code="5">CH-GND</subfield>
    </datafield>
    <datafield tag="400" ind1="0" ind2=" ">
      <subfield code="9">L:eng</subfield>
      <subfield code="a">Anna</subfield>
      <subfield code="c">Queen of France</subfield>
      <subfield code="d">1601-1666</subfield>
      <subfield code="5">CH-GND</subfield>
    </datafield>
    <datafield tag="400" ind1="0" ind2=" ">
      <subfield code="a">Anne</subfield>
      <subfield code="c">Reine de France</subfield>
      <subfield code="d">1601-1666</subfield>
    </datafield>
    <datafield tag="400" ind1="0" ind2=" ">
      <subfield code="a">Anne</subfield>
      <subfield code="c">Queen of France</subfield>
      <subfield code="d">1601-1666</subfield>
    </datafield>
    <datafield tag="400" ind1="0" ind2=" ">
      <subfield code="a">Anne</subfield>
      <subfield code="c">Königin von Frankreich</subfield>
      <subfield code="d">1601-1666</subfield>
    </datafield>
    <datafield tag="400" ind1="0" ind2=" ">
      <subfield code="a">Anne</subfield>
      <subfield code="c">reine de France</subfield>
      <subfield code="d">1601-1666</subfield>
    </datafield>
    <datafield tag="400" ind1="0" ind2=" ">
      <subfield code="a">Anne</subfield>
      <subfield code="c">de France</subfield>
      <subfield code="d">1601-1666</subfield>
    </datafield>
    <datafield tag="400" ind1="0" ind2=" ">
      <subfield code="a">Anne</subfield>
      <subfield code="c">France, Reine</subfield>
      <subfield code="d">1601-1666</subfield>
    </datafield>
    <datafield tag="400" ind1="0" ind2=" ">
      <subfield code="a">Anna</subfield>
      <subfield code="c">Frankreich, Königin</subfield>
      <subfield code="d">1601-1666</subfield>
      <subfield code="5">DE-18</subfield>
    </datafield>
    <datafield tag="400" ind1="0" ind2=" ">
      <subfield code="a">Anna von Österreich</subfield>
      <subfield code="d">1601-1666</subfield>
      <subfield code="5">DE-18</subfield>
    </datafield>
    <datafield tag="400" ind1="0" ind2=" ">
      <subfield code="a">Anne d'Autriche</subfield>
      <subfield code="d">1601-1666</subfield>
      <subfield code="5">DE-18</subfield>
    </datafield>
    <datafield tag="500" ind1="0" ind2=" ">
      <subfield code="0">(DE-101)11872942X</subfield>
      <subfield code="0">(DE-588)11872942X</subfield>
      <subfield code="0">https://d-nb.info/gnd/11872942X</subfield>
      <subfield code="a">Ludwig</subfield>
      <subfield code="b">XIII.</subfield>
      <subfield code="c">Frankreich, König</subfield>
      <subfield code="d">1601-1643</subfield>
      <subfield code="4">bezf</subfield>
      <subfield code="4">https://d-nb.info/standards/elementset/gnd#familialRelationship</subfield>
      <subfield code="w">r</subfield>
      <subfield code="i">Beziehung familiaer</subfield>
      <subfield code="e">Beziehung familiaer</subfield>
      <subfield code="9">v:Gemahl</subfield>
    </datafield>
    <datafield tag="500" ind1="0" ind2=" ">
      <subfield code="0">(DE-101)118816829</subfield>
      <subfield code="0">(DE-588)118816829</subfield>
      <subfield code="0">https://d-nb.info/gnd/118816829</subfield>
      <subfield code="a">Ludwig</subfield>
      <subfield code="b">XIV.</subfield>
      <subfield code="c">Frankreich, König</subfield>
      <subfield code="d">1638-1715</subfield>
      <subfield code="4">bezf</subfield>
      <subfield code="4">https://d-nb.info/standards/elementset/gnd#familialRelationship</subfield>
      <subfield code="w">r</subfield>
      <subfield code="i">Beziehung familiaer</subfield>
      <subfield code="e">Beziehung familiaer</subfield>
      <subfield code="9">v:Sohn</subfield>
    </datafield>
    <datafield tag="548" ind1=" " ind2=" ">
      <subfield code="a">22.09.1601-20.01.1666</subfield>
      <subfield code="4">datx</subfield>
      <subfield code="4">https://d-nb.info/standards/elementset/gnd#dateOfBirthAndDeath</subfield>
      <subfield code="w">r</subfield>
      <subfield code="i">Exakte Lebensdaten</subfield>
    </datafield>
    <datafield tag="548" ind1=" " ind2=" ">
      <subfield code="a">1601-1666</subfield>
      <subfield code="4">datl</subfield>
      <subfield code="4">https://d-nb.info/standards/elementset/gnd#dateOfBirthAndDeath</subfield>
      <subfield code="w">r</subfield>
      <subfield code="i">Lebensdaten</subfield>
    </datafield>
    <datafield tag="550" ind1=" " ind2=" ">
      <subfield code="0">(DE-101)041643798</subfield>
      <subfield code="0">(DE-588)4164379-3</subfield>
      <subfield code="0">https://d-nb.info/gnd/4164379-3</subfield>
      <subfield code="a">Königin</subfield>
      <subfield code="4">berc</subfield>
      <subfield code="4">https://d-nb.info/standards/elementset/gnd#professionOrOccupation</subfield>
      <subfield code="w">r</subfield>
      <subfield code="i">Charakteristischer Beruf</subfield>
    </datafield>
    <datafield tag="667" ind1=" " ind2=" ">
      <subfield code="a">SWB</subfield>
    </datafield>
    <datafield tag="667" ind1=" " ind2=" ">
      <subfield code="a">Königin; Tochter Philipps III. von Spanien u. der Margarete von Österreich, wurde 1615 mit Ludwig XIII. von Frankreich vermählt; ab 1642 Regentin für ihren Sohn Ludwig XIV.</subfield>
      <subfield code="5">CH-ZuETHN</subfield>
    </datafield>
    <datafield tag="670" ind1=" " ind2=" ">
      <subfield code="a">M; Europ. Stammtaf. Bd 2, Taf. 18</subfield>
    </datafield>
    <datafield tag="670" ind1=" " ind2=" ">
      <subfield code="a">GND/LCAuth, abgeändert nach KIDS</subfield>
    </datafield>
    <datafield tag="670" ind1=" " ind2=" ">
      <subfield code="a">Supellex epistolica Uffenbachii et Wolfiorum = Katalog der Uffenbach-Wolfschen Briefsammlung / hrsg. u. bearb. von Nilüfer Krüger. - Hamburg : Hauswedell, 1978. 2 Bde. - (Katalog der Handschriften der Staats- und Universitätsbibliothek Hamburg ; 8)</subfield>
    </datafield>
    <datafield tag="672" ind1=" " ind2="0">
      <subfield code="a">Mazarin, Jules: Les lettres. - 1652</subfield>
    </datafield>
    <datafield tag="678" ind1=" " ind2=" ">
      <subfield code="b">Königin; Tochter Philipps III. von Spanien u. der Margarete von Österreich, wurde 1615 mit Ludwig XIII. von Frankreich vermählt; ab 1642 Regentin für ihren Sohn Ludwig XIV.</subfield>
    </datafield>
    <datafield tag="678" ind1=" " ind2=" ">
      <subfield code="b">Königin; Tochter Philipps III. von Spanien u. der Margarete von Österreich, wurde 1615 mit Ludwig XIII. von Frankreich vermählt; ab 1642 Regentin für ihren Sohn Ludwig XIV</subfield>
    </datafield>
    <datafield tag="913" ind1=" " ind2=" ">
      <subfield code="S">pnd</subfield>
      <subfield code="i">5</subfield>
      <subfield code="a">Anne &lt;France, Reine, 1601-1666&gt;</subfield>
      <subfield code="0">(DE-588a)118649469</subfield>
    </datafield>
    <datafield tag="913" ind1=" " ind2=" ">
      <subfield code="S">pnd</subfield>
      <subfield code="i">5</subfield>
      <subfield code="a">Anna &lt;Frankreich, Königin, 1601-1666&gt;</subfield>
      <subfield code="0">(DE-588a)118649469</subfield>
    </datafield>
  </record>
